<?xml version = "1.0" encoding = "UTF-8"?><OAI-PMH xmlns="http://www.openarchives.org/OAI/2.0/" xmlns:xsi="http://www.w3.org/2001/XMLSchema-instance" xsi:schemaLocation="http://www.openarchives.org/OAI/2.0/ http://www.openarchives.org/OAI/2.0/OAI-PMH.xsd"><ListRecords><record><header><identifier>aleph-publish:019099486</identifier></header><metadata><record xmlns="http://www.ddb.de/professionell/mabxml/mabxml-1.xsd"><leader>------M2.01200024------h</leader><controlfield tag="LDR">------M2.01200024------h</controlfield><controlfield tag="FMT">MH</controlfield><datafield tag="001" ind1="-" ind2="1"><subfield code="a">HT017191593</subfield></datafield><datafield tag="002" ind1="a" ind2="1"><subfield code="a">20120403</subfield></datafield><datafield tag="003" ind1="-" ind2="1"><subfield code="a">20120405</subfield></datafield><datafield tag="025" ind1="o" ind2="1"><subfield code="a">1073488289</subfield></datafield><datafield tag="026" ind1="-" ind2="1"><subfield code="a">HBZHT017191593</subfield></datafield><controlfield tag="030">a|1uc||||||37</controlfield><datafield tag="036" ind1="a" ind2="1"><subfield code="a">DE</subfield></datafield><datafield tag="037" ind1="b" ind2="1"><subfield code="a">ger</subfield></datafield><controlfield tag="050">a|||||||||||||</controlfield><controlfield tag="051">m|||||||</controlfield><datafield tag="070" ind1="-" ind2="1"><subfield code="a">Zw 1</subfield></datafield><datafield tag="070" ind1="b" ind2="1"><subfield code="a">Zw 1</subfield></datafield><datafield tag="080" ind1="-" ind2="1"><subfield code="a">60</subfield></datafield><datafield tag="200" ind1="b" ind2="1"><subfield code="k">Staatliches Herzog-Wolfgang-Gymnasium in Zweibrücken</subfield><subfield code="9">(DE-588)2054280-X</subfield></datafield><datafield tag="201" ind1="-" ind2="1"><subfield code="k">Herzog-Wolfgang-Gymnasium in Zweibrücken</subfield></datafield><datafield tag="201" ind1="-" ind2="1"><subfield code="k">Staatl. Herzog-Wolfgang-Gymnasium in Zweibrücken</subfield></datafield><datafield tag="201" ind1="-" ind2="1"><subfield code="k">Gymnasium Bipontinum</subfield></datafield><datafield tag="201" ind1="-" ind2="1"><subfield code="k">HWG</subfield></datafield><datafield tag="331" ind1="-" ind2="1"><subfield code="a">De nihilo nihil</subfield></datafield><datafield tag="335" ind1="-" ind2="1"><subfield code="a">die Ratten verlassen das sinkende Schiff ; Abizeitung</subfield></datafield><datafield tag="359" ind1="-" ind2="1"><subfield code="a">des HWG</subfield></datafield><datafield tag="410" ind1="-" ind2="1"><subfield code="a">Zweibrücken</subfield></datafield><datafield tag="412" ind1="-" ind2="1"><subfield code="a">Herzog-Wolfgang-Gymnasium</subfield></datafield><datafield tag="425" ind1="a" ind2="1"><subfield code="a">1987</subfield></datafield><datafield tag="433" ind1="-" ind2="1"><subfield code="a">63 S. : Ill.</subfield></datafield><datafield tag="501" ind1="-" ind2="1"><subfield code="a">Zweibrücken, Herzog-Wolfgang-Gymnasium, Abiturzeitung ; 1987</subfield></datafield><datafield tag="675" ind1="-" ind2="1"><subfield code="a">Bierzeitung</subfield></datafield><datafield tag="902" ind1="-" ind2="1"><subfield code="k">Staatliches Herzog-Wolfgang-Gymnasium</subfield><subfield code="9">(DE-588)4403521-4</subfield></datafield><datafield tag="902" ind1="-" ind2="1"><subfield code="s">Abiturzeitung</subfield><subfield code="9">(DE-588)4494415-9</subfield></datafield><datafield tag="902" ind1="-" ind2="1"><subfield code="z">Geschichte 1987</subfield></datafield><controlfield tag="SYS">019099486</controlfield><datafield tag="LOW" ind1="-" ind2="1"><subfield code="a">R0002</subfield></datafield><datafield tag="952" ind1="-" ind2="1"><subfield code="k">Herzog-Wolfgang-Gymnasium</subfield></datafield><datafield tag="952" ind1="-" ind2="1"><subfield code="k">HWG Zweibrücken</subfield></datafield><datafield tag="952" ind1="-" ind2="1"><subfield code="k">Königliches Humanistisches Gymnasium</subfield></datafield><datafield tag="952" ind1="-" ind2="1"><subfield code="k">Humanistisches Gymnasium Zweibrücken</subfield></datafield><datafield tag="952" ind1="-" ind2="1"><subfield code="k">Fürstliche Landesschule</subfield></datafield><datafield tag="952" ind1="-" ind2="1"><subfield code="k">Hornbacher Gymnasium</subfield></datafield><datafield tag="952" ind1="-" ind2="1"><subfield code="k">Gymnasium Zweibrücken</subfield></datafield><datafield tag="952" ind1="-" ind2="1"><subfield code="k">Zweibrücker Gymnasium</subfield></datafield><datafield tag="952" ind1="-" ind2="1"><subfield code="k">Illustris Gymnasii Biponti</subfield></datafield><datafield tag="952" ind1="-" ind2="1"><subfield code="k">Gymnasium Illustre Biponti</subfield></datafield><datafield tag="952" ind1="-" ind2="1"><subfield code="k">Schola illustris</subfield></datafield><datafield tag="952" ind1="-" ind2="1"><subfield code="k">Fürstliches Gymnasium Zweibrücken</subfield></datafield><datafield tag="952" ind1="-" ind2="1"><subfield code="k">Gymnasium zu Hornbach</subfield></datafield><datafield tag="952" ind1="-" ind2="1"><subfield code="k">Hornbach-Zweibrücker Gymnasium</subfield></datafield><datafield tag="952" ind1="-" ind2="1"><subfield code="s">Abiturzeitschrift</subfield></datafield><datafield tag="952" ind1="-" ind2="1"><subfield code="s">Abiturientenzeitung</subfield></datafield><datafield tag="952" ind1="-" ind2="1"><subfield code="s">Abizeitung</subfield></datafield><datafield tag="952" ind1="-" ind2="1"><subfield code="s">Abiturient</subfield><subfield code="x">Zeitung</subfield></datafield><datafield tag="088" ind1=" " ind2=" "><subfield code="a">Zw 1</subfield><subfield code="b">00002000</subfield><subfield code="c">Zwe 4/90-1987</subfield><subfield code="e">ILL Ausleihe</subfield></datafield></record></metadata></record></ListRecords></OAI-PMH>